@String(PAMI  = {IEEE TPAMI})
@String(IJCV  = {IJCV})
@String(CVPR  = {CVPR})
@String(ICCV  = {ICCV})
@String(ECCV  = {ECCV})
@String(NIPS  = {NeurIPS})
@String(ICPR  = {ICPR})
@String(BMVC  =	{BMVC})
@String(TOG   = {ACM TOG})
@String(TIP   = {IEEE TIP})
@String(TVCG  = {IEEE TVCG})
@String(TCSVT = {IEEE TCSVT})
@String(TMM   =	{IEEE TMM})
@String(ACMMM = {ACM MM})
@String(ICME  =	{ICME})
@String(ICASSP=	{ICASSP})
@String(ICIP  = {ICIP})
@String(ACCV  = {ACCV})
@String(ICLR  = {ICLR})
@String(IJCAI = {IJCAI})
@String(PR = {PR})
@String(AAAI = {AAAI})
@String(CVPRW= {CVPRW})
@String(CSVT = {IEEE TCSVT})



@String(PAMI = {IEEE Trans. Pattern Anal. Mach. Intell.})
@String(IJCV = {Int. J. Comput. Vis.})
@String(CVPR= {IEEE Conf. Comput. Vis. Pattern Recog.})
@String(ICCV= {Int. Conf. Comput. Vis.})
@String(ECCV= {Eur. Conf. Comput. Vis.})
@String(NIPS= {Adv. Neural Inform. Process. Syst.})
@String(ICPR = {Int. Conf. Pattern Recog.})
@String(BMVC= {Brit. Mach. Vis. Conf.})
@String(TOG= {ACM Trans. Graph.})
@String(TIP  = {IEEE Trans. Image Process.})
@String(TVCG  = {IEEE Trans. Vis. Comput. Graph.})
@String(TMM  = {IEEE Trans. Multimedia})
@String(ACMMM= {ACM Int. Conf. Multimedia})
@String(ICME = {Int. Conf. Multimedia and Expo})
@String(ICASSP=	{ICASSP})
@String(ICIP = {IEEE Int. Conf. Image Process.})
@String(ACCV  = {ACCV})
@String(ICLR = {Int. Conf. Learn. Represent.})
@String(IJCAI = {IJCAI})
@String(PR   = {Pattern Recognition})
@String(AAAI = {AAAI})
@String(CVPRW= {IEEE Conf. Comput. Vis. Pattern Recog. Worksh.})
@String(CSVT = {IEEE Trans. Circuit Syst. Video Technol.})

@String(SPL	= {IEEE Sign. Process. Letters})
@String(VR   = {Vis. Res.})
@String(JOV	 = {J. Vis.})
@String(TVC  = {The Vis. Comput.})
@String(JCST  = {J. Comput. Sci. Tech.})
@String(CGF  = {Comput. Graph. Forum})
@String(CVM = {Computational Visual Media})


@article {protTrans,
    author = {Elnaggar, Ahmed and Heinzinger, Michael and Dallago, Christian and Rehawi, Ghalia and Wang, Yu and Jones, Llion and Gibbs, Tom and Feher, Tamas and Angerer, Christoph and Steinegger, Martin and BHOWMIK, DEBSINDHU and Rost, Burkhard},
    title = {ProtTrans: Towards Cracking the Language of Life{\textquoteright}s Code Through Self-Supervised Deep Learning and High Performance Computing},
    elocation-id = {2020.07.12.199554},
    year = {2020},
    doi = {10.1101/2020.07.12.199554},
    publisher = {Cold Spring Harbor Laboratory},
    URL = {https://www.biorxiv.org/content/early/2020/07/21/2020.07.12.199554},
    eprint = {https://www.biorxiv.org/content/early/2020/07/21/2020.07.12.199554.full.pdf},
    journal = {bioRxiv}
}

@article{dgcnn,
  doi = {10.1609/aaai.v32i1.11782},
  url = {https://doi.org/10.1609/aaai.v32i1.11782},
  year = {2018},
  month = apr,
  publisher = {Association for the Advancement of Artificial Intelligence ({AAAI})},
  volume = {32},
  number = {1},
  author = {Muhan Zhang and Zhicheng Cui and Marion Neumann and Yixin Chen},
  title = {An End-to-End Deep Learning Architecture for Graph Classification},
  journal = {Proceedings of the {AAAI} Conference on Artificial Intelligence}
}

@misc{graphsage,
Author = {William L. Hamilton and Rex Ying and Jure Leskovec},
Title = {Inductive Representation Learning on Large Graphs},
Year = {2017},
Eprint = {arXiv:1706.02216},
}

@misc{GAT,
Author = {Petar Veličković and Guillem Cucurull and Arantxa Casanova and Adriana Romero and Pietro Liò and Yoshua Bengio},
Title = {Graph Attention Networks},
Year = {2017},
Eprint = {arXiv:1710.10903},
}

@misc{hgp,
Author = {Zhen Zhang and Jiajun Bu and Martin Ester and Jianfeng Zhang and Chengwei Yao and Zhi Yu and Can Wang},
Title = {Hierarchical Graph Pooling with Structure Learning},
Year = {2019},
Eprint = {arXiv:1911.05954},
}

@misc{dataAugmentation,
Author = {Jason Wei and Kai Zou},
Title = {EDA: Easy Data Augmentation Techniques for Boosting Performance on Text Classification Tasks},
Year = {2019},
Eprint = {arXiv:1901.11196},
}

@article{Rana2022,
  doi = {10.1038/s41598-022-22882-x},
  url = {https://doi.org/10.1038/s41598-022-22882-x},
  year = {2022},
  month = oct,
  publisher = {Springer Science and Business Media {LLC}},
  volume = {12},
  number = {1},
  author = {Priyanka Rana and Arcot Sowmya and Erik Meijering and Yang Song},
  title = {Data augmentation with improved regularisation and sampling for imbalanced blood cell image classification},
  journal = {Scientific Reports}
}

@misc{Zhao2020,
Author = {Tong Zhao and Yozen Liu and Leonardo Neves and Oliver Woodford and Meng Jiang and Neil Shah},
Title = {Data Augmentation for Graph Neural Networks},
Year = {2020},
Eprint = {arXiv:2006.06830},
}

@article{Naik2016,
  doi = {10.7554/elife.10047},
  url = {https://doi.org/10.7554/elife.10047},
  year = {2016},
  month = feb,
  publisher = {{eLife} Sciences Publications,  Ltd},
  volume = {5},
  author = {Armaghan W Naik and Joshua D Kangas and Devin P Sullivan and Robert F Murphy},
  title = {Active machine learning-driven experimentation to determine compound effects on protein patterns},
  journal = {{eLife}}
}

@misc{surveyClassifProt,
Author = {Chhote Lal Prasad Gupta and Anand Bihari and Sudhakar Tripathi},
Title = {Protein Classification using Machine Learning and Statistical Techniques: A Comparative Analysis},
Year = {2019},
Eprint = {arXiv:1901.06152},
}

@article{PANG2009,
  doi = {10.1016/s1874-8651(10)60092-0},
  url = {https://doi.org/10.1016/s1874-8651(10)60092-0},
  year = {2009},
  month = dec,
  publisher = {Elsevier {BV}},
  volume = {29},
  number = {12},
  pages = {94--104},
  author = {Su-lin PANG and Ji-zhang GONG},
  title = {C5.0 Classification Algorithm and Application on Individual Credit Evaluation of Banks},
  journal = {Systems Engineering - Theory {\&}amp$\mathsemicolon$ Practice}
}

@misc{Bert2018,
Author = {Jacob Devlin and Ming-Wei Chang and Kenton Lee and Kristina Toutanova},
Title = {BERT: Pre-training of Deep Bidirectional Transformers for Language Understanding},
Year = {2018},
Eprint = {arXiv:1810.04805},
}

@misc{Albert2019,
Author = {Zhenzhong Lan and Mingda Chen and Sebastian Goodman and Kevin Gimpel and Piyush Sharma and Radu Soricut},
Title = {ALBERT: A Lite BERT for Self-supervised Learning of Language Representations},
Year = {2019},
Eprint = {arXiv:1909.11942},
}

@misc{XLNet2019,
Author = {Zhilin Yang and Zihang Dai and Yiming Yang and Jaime Carbonell and Ruslan Salakhutdinov and Quoc V. Le},
Title = {XLNet: Generalized Autoregressive Pretraining for Language Understanding},
Year = {2019},
Eprint = {arXiv:1906.08237},
}

@article{bigBird2020,
Author = {Manzil Zaheer and Guru Guruganesh and Avinava Dubey and Joshua Ainslie and Chris Alberti and Santiago Ontanon and Philip Pham and Anirudh Ravula and Qifan Wang and Li Yang and Amr Ahmed},
Title = {Big Bird: Transformers for Longer Sequences},
Year = {2020},
Eprint = {arXiv:2007.14062},
Howpublished = {Neural Information Processing Systems (NeurIPS) 2020},
}

@INPROCEEDINGS{TFIDF,
  author={Liu, Qing and Wang, Jing and Zhang, Dehai and Yang, Yun and Wang, NaiYao},
  booktitle={2018 IEEE 4th International Conference on Computer and Communications (ICCC)}, 
  title={Text Features Extraction based on TF-IDF Associating Semantic}, 
  year={2018},
  volume={},
  number={},
  pages={2338-2343},
  doi={10.1109/CompComm.2018.8780663}}

@article{SPARCKJONES1972,
  doi = {10.1108/eb026526},
  url = {https://doi.org/10.1108/eb026526},
  year = {1972},
  month = jan,
  publisher = {Emerald},
  volume = {28},
  number = {1},
  pages = {11--21},
  author = {KAREN SPARCK JONES},
  title = {A {STATISTICAL} {INTERPRETATION} {OF} {TERM} {SPECIFICITY} {AND} {ITS} {APPLICATION} {IN} {RETRIEVAL}},
  journal = {Journal of Documentation}
}

@misc{mutualInfo,
Author = {Mario Beraha and Alberto Maria Metelli and Matteo Papini and Andrea Tirinzoni and Marcello Restelli},
Title = {Feature Selection via Mutual Information: New Theoretical Insights},
Year = {2019},
Eprint = {arXiv:1907.07384},
}

@article{Jumper2021,
  doi = {10.1038/s41586-021-03819-2},
  url = {https://doi.org/10.1038/s41586-021-03819-2},
  year = {2021},
  month = jul,
  publisher = {Springer Science and Business Media {LLC}},
  volume = {596},
  number = {7873},
  pages = {583--589},
  author = {John Jumper and Richard Evans and Alexander Pritzel and Tim Green and Michael Figurnov and Olaf Ronneberger and Kathryn Tunyasuvunakool and Russ Bates and Augustin {\v{Z}}{\'{\i}}dek and Anna Potapenko and Alex Bridgland and Clemens Meyer and Simon A. A. Kohl and Andrew J. Ballard and Andrew Cowie and Bernardino Romera-Paredes and Stanislav Nikolov and Rishub Jain and Jonas Adler and Trevor Back and Stig Petersen and David Reiman and Ellen Clancy and Michal Zielinski and Martin Steinegger and Michalina Pacholska and Tamas Berghammer and Sebastian Bodenstein and David Silver and Oriol Vinyals and Andrew W. Senior and Koray Kavukcuoglu and Pushmeet Kohli and Demis Hassabis},
  title = {Highly accurate protein structure prediction with {AlphaFold}},
  journal = {Nature}
}